@book{ISN1,
	author = {Gilles Dowek,  Jean-Pierre Archambault,  Emmanuel Baccelli},
	title = {Informatique et sciences du numérique},
	year = {22 août 2012},
	publisher = {EYROLLES},
}
	
@book{ISN2,
   author={Mark Frauenfelder},
   title={L'ordinateur : Une histoire de l'informatique},
   publisher={Broché},
   year={6 septembre 2006 }
}
	
@Article{ISN4,
author={François Jarraud},
journal={ L'expresso},
title={Informatique et Sciences du numérique : Un nouvel enseignement pour une nouvelle culture numérique ? },
year={ 2011.},
month={juillet},
pages={1-3},
}

@book{ISN5,
	author = {José DORDOIGNE},
	title = {Réseaux informatiques},
	year = {1er mars 2015 },
	publisher ={ENI},
}
	
@book{ISN3,
author={Michel Martin},
title={HTML 5 et CSS 3},
publisher={Pearson Education },
year={1er mars 2011} 
}
